%YAML 1.1
%TAG !u! tag:unity3d.com,2011:
--- !u!1001 &100100000
Prefab:
  m_ObjectHideFlags: 1
  serializedVersion: 2
  m_Modification:
    m_TransformParent: {fileID: 0}
    m_Modifications: []
    m_RemovedComponents: []
  m_ParentPrefab: {fileID: 0}
  m_RootGameObject: {fileID: 1205197487918096}
  m_IsPrefabParent: 1
--- !u!1 &1083052292561302
GameObject:
  m_ObjectHideFlags: 0
  m_PrefabParentObject: {fileID: 0}
  m_PrefabInternal: {fileID: 100100000}
  serializedVersion: 5
  m_Component:
  - component: {fileID: 4805798934131544}
  - component: {fileID: 33926875120484356}
  - component: {fileID: 23997364967468682}
  m_Layer: 0
  m_Name: Turret.001
  m_TagString: Untagged
  m_Icon: {fileID: 0}
  m_NavMeshLayer: 0
  m_StaticEditorFlags: 0
  m_IsActive: 1
--- !u!1 &1200134715449540
GameObject:
  m_ObjectHideFlags: 0
  m_PrefabParentObject: {fileID: 0}
  m_PrefabInternal: {fileID: 100100000}
  serializedVersion: 5
  m_Component:
  - component: {fileID: 4599978619596422}
  - component: {fileID: 33206898547520336}
  - component: {fileID: 23052264727444924}
  m_Layer: 0
  m_Name: Turret
  m_TagString: Untagged
  m_Icon: {fileID: 0}
  m_NavMeshLayer: 0
  m_StaticEditorFlags: 0
  m_IsActive: 1
--- !u!1 &1205197487918096
GameObject:
  m_ObjectHideFlags: 0
  m_PrefabParentObject: {fileID: 0}
  m_PrefabInternal: {fileID: 100100000}
  serializedVersion: 5
  m_Component:
  - component: {fileID: 4023602758212792}
  - component: {fileID: 114832972307165036}
  - component: {fileID: 114940414694350552}
  - component: {fileID: 23670781654223466}
  m_Layer: 0
  m_Name: StandardTurret
  m_TagString: Untagged
  m_Icon: {fileID: 0}
  m_NavMeshLayer: 0
  m_StaticEditorFlags: 0
  m_IsActive: 1
--- !u!1 &1223849105134848
GameObject:
  m_ObjectHideFlags: 1
  m_PrefabParentObject: {fileID: 0}
  m_PrefabInternal: {fileID: 100100000}
  serializedVersion: 5
  m_Component:
  - component: {fileID: 4815149981327644}
  m_Layer: 0
  m_Name: firePoint
  m_TagString: Untagged
  m_Icon: {fileID: 0}
  m_NavMeshLayer: 0
  m_StaticEditorFlags: 0
  m_IsActive: 1
--- !u!4 &4023602758212792
Transform:
  m_ObjectHideFlags: 1
  m_PrefabParentObject: {fileID: 0}
  m_PrefabInternal: {fileID: 100100000}
  m_GameObject: {fileID: 1205197487918096}
  m_LocalRotation: {x: 0, y: 0, z: 0, w: 1}
  m_LocalPosition: {x: 46.609577, y: 0.5, z: 66.01079}
  m_LocalScale: {x: 2, y: 2, z: 2}
  m_Children:
  - {fileID: 4599978619596422}
  - {fileID: 4805798934131544}
  m_Father: {fileID: 0}
  m_RootOrder: 0
  m_LocalEulerAnglesHint: {x: 0, y: 0, z: 0}
--- !u!4 &4599978619596422
Transform:
  m_ObjectHideFlags: 1
  m_PrefabParentObject: {fileID: 0}
  m_PrefabInternal: {fileID: 100100000}
  m_GameObject: {fileID: 1200134715449540}
  m_LocalRotation: {x: 0.5124921, y: 0.5124921, z: 0.4871877, w: 0.48718768}
  m_LocalPosition: {x: -0.61310893, y: 0.47646427, z: 0.00000006401718}
  m_LocalScale: {x: 0.044139665, y: 0.044139665, z: 0.044139665}
  m_Children:
  - {fileID: 4815149981327644}
  m_Father: {fileID: 4023602758212792}
  m_RootOrder: 0
  m_LocalEulerAnglesHint: {x: 0, y: 92.9, z: 90.00001}
--- !u!4 &4805798934131544
Transform:
  m_ObjectHideFlags: 1
  m_PrefabParentObject: {fileID: 0}
  m_PrefabInternal: {fileID: 100100000}
  m_GameObject: {fileID: 1083052292561302}
  m_LocalRotation: {x: 0.5124921, y: 0.5124921, z: 0.4871877, w: 0.48718768}
  m_LocalPosition: {x: -0.61310893, y: 0.47646427, z: 0.00000006401718}
  m_LocalScale: {x: 0.044139665, y: 0.044139665, z: 0.044139665}
  m_Children: []
  m_Father: {fileID: 4023602758212792}
  m_RootOrder: 1
  m_LocalEulerAnglesHint: {x: 0, y: 92.9, z: 90.00001}
--- !u!4 &4815149981327644
Transform:
  m_ObjectHideFlags: 1
  m_PrefabParentObject: {fileID: 0}
  m_PrefabInternal: {fileID: 100100000}
  m_GameObject: {fileID: 1223849105134848}
  m_LocalRotation: {x: 0, y: 0, z: 0, w: 1}
  m_LocalPosition: {x: -0.98, y: -0.16, z: 8.43}
  m_LocalScale: {x: 1, y: 1, z: 1}
  m_Children: []
  m_Father: {fileID: 4599978619596422}
  m_RootOrder: 0
  m_LocalEulerAnglesHint: {x: 0, y: 0, z: 0}
--- !u!23 &23052264727444924
MeshRenderer:
  m_ObjectHideFlags: 1
  m_PrefabParentObject: {fileID: 0}
  m_PrefabInternal: {fileID: 100100000}
  m_GameObject: {fileID: 1200134715449540}
  m_Enabled: 1
  m_CastShadows: 1
  m_ReceiveShadows: 1
  m_MotionVectors: 1
  m_LightProbeUsage: 1
  m_ReflectionProbeUsage: 1
  m_Materials:
  - {fileID: 2100000, guid: a74d88e90856b594aa2576ae6926fbf1, type: 2}
  - {fileID: 2100000, guid: 65ec91b6eccd1be44ae3cf9e18c28972, type: 2}
  - {fileID: 2100000, guid: fe7ca1f19dd7b0e4c9c1f19d9e962c3c, type: 2}
  m_StaticBatchInfo:
    firstSubMesh: 0
    subMeshCount: 0
  m_StaticBatchRoot: {fileID: 0}
  m_ProbeAnchor: {fileID: 0}
  m_LightProbeVolumeOverride: {fileID: 0}
  m_ScaleInLightmap: 1
  m_PreserveUVs: 0
  m_IgnoreNormalsForChartDetection: 0
  m_ImportantGI: 0
  m_SelectedEditorRenderState: 3
  m_MinimumChartSize: 4
  m_AutoUVMaxDistance: 0.5
  m_AutoUVMaxAngle: 89
  m_LightmapParameters: {fileID: 0}
  m_SortingLayerID: 0
  m_SortingLayer: 0
  m_SortingOrder: 0
--- !u!23 &23670781654223466
MeshRenderer:
  m_ObjectHideFlags: 1
  m_PrefabParentObject: {fileID: 0}
  m_PrefabInternal: {fileID: 100100000}
  m_GameObject: {fileID: 1205197487918096}
  m_Enabled: 1
  m_CastShadows: 1
  m_ReceiveShadows: 1
  m_MotionVectors: 1
  m_LightProbeUsage: 1
  m_ReflectionProbeUsage: 1
  m_Materials:
  - {fileID: 0}
  m_StaticBatchInfo:
    firstSubMesh: 0
    subMeshCount: 0
  m_StaticBatchRoot: {fileID: 0}
  m_ProbeAnchor: {fileID: 400002, guid: e0ad9d0be43bfd34f9b441b4538734c7, type: 3}
  m_LightProbeVolumeOverride: {fileID: 0}
  m_ScaleInLightmap: 1
  m_PreserveUVs: 0
  m_IgnoreNormalsForChartDetection: 0
  m_ImportantGI: 0
  m_SelectedEditorRenderState: 3
  m_MinimumChartSize: 4
  m_AutoUVMaxDistance: 0.5
  m_AutoUVMaxAngle: 89
  m_LightmapParameters: {fileID: 0}
  m_SortingLayerID: 0
  m_SortingLayer: 0
  m_SortingOrder: 0
--- !u!23 &23997364967468682
MeshRenderer:
  m_ObjectHideFlags: 1
  m_PrefabParentObject: {fileID: 0}
  m_PrefabInternal: {fileID: 100100000}
  m_GameObject: {fileID: 1083052292561302}
  m_Enabled: 1
  m_CastShadows: 1
  m_ReceiveShadows: 1
  m_MotionVectors: 1
  m_LightProbeUsage: 1
  m_ReflectionProbeUsage: 1
  m_Materials:
  - {fileID: 2100000, guid: 65ec91b6eccd1be44ae3cf9e18c28972, type: 2}
  - {fileID: 2100000, guid: fe7ca1f19dd7b0e4c9c1f19d9e962c3c, type: 2}
  m_StaticBatchInfo:
    firstSubMesh: 0
    subMeshCount: 0
  m_StaticBatchRoot: {fileID: 0}
  m_ProbeAnchor: {fileID: 0}
  m_LightProbeVolumeOverride: {fileID: 0}
  m_ScaleInLightmap: 1
  m_PreserveUVs: 0
  m_IgnoreNormalsForChartDetection: 0
  m_ImportantGI: 0
  m_SelectedEditorRenderState: 3
  m_MinimumChartSize: 4
  m_AutoUVMaxDistance: 0.5
  m_AutoUVMaxAngle: 89
  m_LightmapParameters: {fileID: 0}
  m_SortingLayerID: 0
  m_SortingLayer: 0
  m_SortingOrder: 0
--- !u!33 &33206898547520336
MeshFilter:
  m_ObjectHideFlags: 1
  m_PrefabParentObject: {fileID: 0}
  m_PrefabInternal: {fileID: 100100000}
  m_GameObject: {fileID: 1200134715449540}
  m_Mesh: {fileID: 4300002, guid: e0ad9d0be43bfd34f9b441b4538734c7, type: 3}
--- !u!33 &33926875120484356
MeshFilter:
  m_ObjectHideFlags: 1
  m_PrefabParentObject: {fileID: 0}
  m_PrefabInternal: {fileID: 100100000}
  m_GameObject: {fileID: 1083052292561302}
  m_Mesh: {fileID: 4300000, guid: e0ad9d0be43bfd34f9b441b4538734c7, type: 3}
--- !u!114 &114832972307165036
MonoBehaviour:
  m_ObjectHideFlags: 1
  m_PrefabParentObject: {fileID: 0}
  m_PrefabInternal: {fileID: 100100000}
  m_GameObject: {fileID: 1205197487918096}
  m_Enabled: 1
  m_EditorHideFlags: 0
  m_Script: {fileID: 11500000, guid: 9a6610d2e704f1648819acc8d7460285, type: 3}
  m_Name: 
  m_EditorClassIdentifier: 
  Event: event:/Turret_Shots
  PlayEvent: 0
  StopEvent: 0
  CollisionTag: 
  AllowFadeout: 1
  TriggerOnce: 0
  Preload: 0
  Params: []
  OverrideAttenuation: 0
  OverrideMinDistance: 0
  OverrideMaxDistance: 0
--- !u!114 &114940414694350552
MonoBehaviour:
  m_ObjectHideFlags: 1
  m_PrefabParentObject: {fileID: 0}
  m_PrefabInternal: {fileID: 100100000}
  m_GameObject: {fileID: 1205197487918096}
  m_Enabled: 1
  m_EditorHideFlags: 0
  m_Script: {fileID: 11500000, guid: 27d0514e8d44ed341950f114e84a4364, type: 3}
  m_Name: 
  m_EditorClassIdentifier: 
  range: 15
  enemyTag: Heretic
  partToRotate: {fileID: 4599978619596422}
  turnSpeed: 10
  firerate: 1
  bulletPrefab: {fileID: 1583007990952844, guid: 9c432c9e5e71ef24bb0c9f234b8b823f,
    type: 2}
  firePoint: {fileID: 4815149981327644}
